@article{Lyons2002,
abstract = {This thought-provoking introduction to the dynamic foreign exchange market proposes a framework for explaining currency moves by applying work on exchange rate economics, information economics, and order flow to the microstructure of markets.},
}
